<?xml version="1.0" encoding="utf-8"?>
<record xmlns="http://www.loc.gov/MARC21/slim" xmlns:xsi="http://www.w3.org/2001/XMLSchema-instance" xsi:schemaLocation="http://www.loc.gov/MARC21/slim http://www.loc.gov/standards/marcxml/schema/MARC21slim.xsd">
	<leader>     nam a22        4500</leader>
	<controlfield tag="001">000397895</controlfield>
	<controlfield tag="003">NNU</controlfield>
	<controlfield tag="006">m        d        </controlfield>
	<controlfield tag="007">cr cn |||m|||a</controlfield>
	<controlfield tag="008">160801m19511954le      o     000 1 ara d</controlfield>
	<datafield ind1=" " ind2=" " tag="040">
		<subfield code="a">NNU</subfield>
		<subfield code="b">eng</subfield>
		<subfield code="c">NNU</subfield>
	</datafield>
	<datafield ind1=" " ind2=" " tag="066">
		<subfield code="c">(3</subfield>
	</datafield>
	<datafield ind1="1" ind2=" " tag="100">
		<subfield code="6">880-01</subfield>
		<subfield code="a">Ibn ʻAbd Rabbih, Aḥmad ibn Muḥammad,</subfield>
		<subfield code="d">860-940.</subfield>
	</datafield>
	<datafield ind1="1" ind2="3" tag="245">
		<subfield code="6">880-02</subfield>
		<subfield code="a">al-ʻIqd al-farīd</subfield>
		<subfield code="h">[electronic resource].</subfield>
	</datafield>
	<datafield ind1=" " ind2=" " tag="260">
		<subfield code="6">880-03</subfield>
		<subfield code="a">Beirut :</subfield>
		<subfield code="b">Maktabat Ṣādir,</subfield>
		<subfield code="c">1951-1954.</subfield>
	</datafield>
	<datafield ind1=" " ind2=" " tag="300">
		<subfield code="a">online resource (31 v. in 8)</subfield>
	</datafield>
	<datafield ind1=" " ind2=" " tag="500">
		<subfield code="a">Edited by Karam al-Bustānī.</subfield>
	</datafield>
	<datafield ind1=" " ind2=" " tag="500">
		<subfield code="a">Part of the Arabic Collections Online (ACO) project, contributed by New York Univeristy Libraries.</subfield>
	</datafield>
	<datafield ind1="0" ind2=" " tag="505">
		<subfield code="a">[v. 1] al-Sulṭān wa-ʻadl sāʻah -- Taḥta ẓilāl al-qanā -- al-Aydī al-sakhīyah -- Wufūd al-ʻarab. [v. 2] Mukhātabat al-mulūk -- Abnāʼ al-nūr. [v. 3] Amthāl al-ʻarab -- Siḥr al-bayān -- Dumūʻ al-akhwān -- Ansāb al-ʻarab.[v. 4] Min khiyam al-ʻarab -- Fayḍ al-khawāṭir -- Adab al-manābir -- al-Kitābah wa-al-kitāb. [v. 5] Akhbār al-khulafāʼ -- Umarāʼ al-muslimīn. [v. 6] Ayyām al-ʻarab -- Ṭaraʼif al-shuʻarāʼ.[v. 7] al-Aʻāriḍ wa-al-qawāfī -- al-Ghināʼ wa-al-mughannūn -- Akhbār al-nisāʼ -- al-Majānīn wa-al-bukhalāʼ wa-al-tufaylīyūn.[v. 8] Ṭabāʼiʻ al-insān wa-al-ḥayawān --al-Ṭaʻām wa-al-sharāb -- Fukāhāt wa-mulaḥ.</subfield>
	</datafield>
	<datafield ind1=" " ind2=" " tag="533">
		<subfield code="a">Electronic reproduction.</subfield>
		<subfield code="b">New York, N.Y. :</subfield>
		<subfield code="c">New York University,</subfield>
		<subfield code="d">2016.</subfield>
		<subfield code="5">NNU</subfield>
	</datafield>
	<datafield ind1=" " ind2="0" tag="650">
		<subfield code="a">Arabic literature.</subfield>
	</datafield>
	<datafield ind1="2" ind2=" " tag="710">
		<subfield code="a">New York University.</subfield>
		<subfield code="b">Libraries.</subfield>
	</datafield>
	<datafield ind1="0" ind2=" " tag="730">
		<subfield code="a">Arabic Collections Online.</subfield>
	</datafield>
	<datafield ind1="0" ind2="8" tag="776">
		<subfield code="i">Print version:</subfield>
		<subfield code="a">Ibn ʻAbd Rabbih, Aḥmad ibn Muḥammad, 860-940.</subfield>
		<subfield code="t">al-ʻIqd al-farīd</subfield>
		<subfield code="w">(NNU)000397895</subfield>
	</datafield>
	<datafield ind1="4" ind2="0" tag="856">
		<subfield code="u">http://hdl.handle.net/2333.1/msbcc53d</subfield>
	</datafield>
	<datafield ind1="1" ind2=" " tag="880">
		<subfield code="6">100-01/</subfield>
		<subfield code="a">هبن عبد ربه، احمد ابن محمد.</subfield>
	</datafield>
	<datafield ind1="1" ind2="2" tag="880">
		<subfield code="6">245-02/</subfield>
		<subfield code="a">العقد الفريد.</subfield>
	</datafield>
	<datafield ind1=" " ind2=" " tag="880">
		<subfield code="6">260-03/</subfield>
		<subfield code="a">بيروت :</subfield>
		<subfield code="b">مكتبة صادر،</subfield>
		<subfield code="c">١٩٥١-١٩٥٤.</subfield>
	</datafield>
	<datafield ind1=" " ind2=" " tag="959">
		<subfield code="a">NNU</subfield>
		<subfield code="b">WEB</subfield>
		<subfield code="c">GENI</subfield>
		<subfield code="t">0</subfield>
		<subfield code="m">Electronic access</subfield>
		<subfield code="s">01</subfield>
	</datafield>
	<datafield ind1=" " ind2=" " tag="999">
		<subfield code="i">NNU_000397895</subfield>
		<subfield code="s">nyu_aco001188:v.1</subfield>
		<subfield code="s">nyu_aco001189:v.2</subfield>
		<subfield code="s">nyu_aco001190:v.3</subfield>
		<subfield code="s">nyu_aco001191:v.4</subfield>
		<subfield code="s">nyu_aco001192:v.5</subfield>
		<subfield code="s">nyu_aco001193:v.6</subfield>
		<subfield code="s">nyu_aco001194:v.7</subfield>
		<subfield code="s">nyu_aco001195:v.8</subfield>
		<subfield code="e">(ERROR-MISC)</subfield>
	</datafield>
</record>
